@Misc{xtextdoc,
key =  {1},
title = {Xtext Documentation},
howpublished = {URL: http://www.eclipse.org/Xtext/ \\ cumentation/2.6.0/Xtext Documentation.pdf},
month = {September},
year = {2014},
note={Zuletzt eingesehen am 24.11.2014}
}



@Book{voelter,
title = {DSL Engineering},
subtitle={Designing, Implementing and Using Domain-Specific Languages}, 
publisher = {CreateSpace Independent Publishing Platform},
author = {{Markus Voelter} and {Sebastian Benz} and {Lennart Kats} and {Mats Helander} and {Eelco Visser} and {Guido Wachsmuth}},
year = {2013}
}

@Misc{usability,
key =  {2},
title = {3 Gründe, warum gute Usability wichtig ist},
author = {{Userlutions GmbH}},
howpublished = {URL: http://rapidusertests.com/blog/2012/04/3-gute-grunde-fuer-usability-tests/},
month = {April},
year = {2012},
note={Zuletzt eingesehen am 01.12.2014},
}

@Misc{jwammc,
  key = 	 {3},
  author = 	 {Dirk Maaß},
  title = 	 {JWAMMC - Das Multichannel-Framework der data-experts gmbh},
  howpublished = {Vortrag},
  month = 	 {Dezember},
  year = 	 {2007},
}



@Misc{europa,
  key = 	 {4},
  author = 	 {{Generaldirektion Landwirtschaft und ländliche Entwicklung}},
  title = 	 {Das Integrierte Verwaltungs- und Kontrollsystem (InVeKoS)},
  howpublished = {URL: http://ec.europa.eu/agriculture/direct-support/iacs/index\_de.htm},
  month = 	 {November},
  year = 	 {2014},
  note = 	 {Zuletzt eingesehen am 02.12.2014}
  }
  
  
@Misc{pcswikifoerd,
  key = 	 {5},
  author = 	 {{data experts GmbH}},
  title = 	 {Förderantrag},
  howpublished = {Profil Wiki der deg},
  month = 	 {März},
  year = 	 {2014},
  note = 	 {Zuletzt eingesehen am 02.12.2014}
  }
  
  
@Misc{DegDKElerIAntragsmappe,
  key = 	 {6},
  author = 	 {data experts GmbH},
  title = 	 {Detailkonzept ELER/i-Antragsmappe},
  month = 	 {Januar},
  year = 	 {2007},
  note = 	 {Letzte Änderung am 01.12.2014},
  annote = 	 {Zuletzt eingesehen am 02.12.2014}
}



@Misc{swing,
  key = 	 {7},
  author = 	 {Oracle},
  title = 	 {Swing},
  howpublished = {URL: https://docs.oracle.com/javase/jp/8/\\technotes/guides/swing/index.html},
  note = 	 {Zuletzt eingesehen am 02.12.2014}
}

@Misc{wings,
  key = 	 {8},
  author = 	 {Benjamin Schmid},
  title = 	 {Get your wingS back!},
  howpublished = {URL: http://jaxenter.de/artikel/Get-your-wingS-back},
  month = 	 {Dezember},
  year = 	 {2007},
  note = 	 {Zuletzt eingesehen am 02.12.2014}
}

@Misc{gridbag,
  key = 	 {9},
  author = 	 {Oracle},
  title = 	 {Class GridBagLayout},
  howpublished = {URL: https://docs.oracle.com/javase/7/docs/api/java/awt/\\GridBagLayout.html},
  note = 	 {Zuletzt eingesehen am 02.12.2014}
}